<?xml version="1.0" encoding="UTF-8"?><collection xmlns="http://www.loc.gov/MARC21/slim"><record><leader>00682nam--2200193-i-4500</leader><controlfield tag="001">000020404</controlfield><controlfield tag="002">20161230</controlfield><controlfield tag="005">20161230201033</controlfield><controlfield tag="008">060222s1000------------r-----000-0-eng-d</controlfield><datafield ind1=" " ind2=" " tag="040"><subfield code="a">IFIN-HH</subfield></datafield><datafield ind1=" " ind2=" " tag="080"><subfield code="a">537.84:533.95(061.3)</subfield></datafield><datafield ind1="1" ind2=" " tag="100"><subfield code="a">Mannal, Clifford</subfield></datafield><datafield ind1="1" ind2="0" tag="245"><subfield code="a">Engineering aspects of magnetohydrodynamics</subfield><subfield code="b">Proceedings of the second symposium on the engineering aspects of magnetohydrodynamics, philadelphia, march 9-10, 1961</subfield><subfield code="c">Cliford mannal, norman w. mather (eds.)</subfield></datafield><datafield ind1=" " ind2=" " tag="260"><subfield code="a">New York</subfield><subfield code="b">Columbia University Press</subfield><subfield code="c">1962</subfield></datafield><datafield ind1=" " ind2=" " tag="300"><subfield code="a">XIV + 578 P</subfield></datafield><datafield ind1=" " ind2=" " tag="490"><subfield code="a">Proceedings</subfield></datafield><datafield ind1="1" ind2=" " tag="700"><subfield code="a">Mather, Norman W</subfield><subfield code="e">Ed</subfield></datafield><datafield ind1=" " ind2=" " tag="852"><subfield code="a">18506</subfield><subfield code="c">538.4</subfield></datafield><datafield ind1=" " ind2=" " tag="CAT"><subfield code="a">Sys</subfield><subfield code="c">20110919</subfield><subfield code="h">160247</subfield></datafield></record></collection>